% ....názov súboru je: literatura.bib
% kniha


@article{Overwatchbook,
  title={" The world could always use more heroes": a social semiotic analysis of The Game Overwatch},
  author={Souza, Felipe Ant{\^o}nio de and others},
  year={2021}
}

@inproceedings{Overwatchranked,
  title={Towards a Community-Based Ranking System of Overwatch Players},
  author={Staat, David and Wallner, G{\"u}nter and Bernhaupt, Regina},
  booktitle={International Conference on Entertainment Computing},
  pages={309--319},
  year={2022},
  organization={Springer}
}

@inproceedings{glass2020towards,
  title={Towards Player Health Analytics in Overwatch},
  author={Glass, Jonah and McGregor, Carolyn},
  booktitle={2020 IEEE 8th International Conference on Serious Games and Applications for Health (SeGAH)},
  pages={1--5},
  year={2020},
  organization={IEEE}
}

@inproceedings{Overwatchesport,
  title={“Overwatch is anime”: Exploring an alternative interpretational framework for competitive gaming},
  author={Ruotsalainen, Maria and V{\"a}lisalo, Tanja},
  booktitle={Conference of Digital Games Research Association},
  volume={2020},
  year={2020},
  organization={Digital Games Research Association}
}

@misc{Overwatchsite,
	howpublished = "\url{https://overwatchleague.com/en-us/about}",
}